@misc{cs229,
  title = {CS229 Lecture Notes},
  howpublished = {\\url{http://web.archive.org/web/20190214124825/https://cs229.stanford.edu/notes/cs229-notes-ensemble.pdf}},
  note = {Accessed: [Insert Date Here]}
}